@INPROCEEDINGS{kai10,
   author = {{Kaiser}, N. and {Burgett}, W. and {Chambers}, K. and {Denneau}, L. and 
    {Heasley}, J. and {Jedicke}, R. and {Magnier}, E. and {Morgan}, J. and 
    {Onaka}, P. and {Tonry}, J.},
    title = "{The Pan-STARRS wide-field optical/NIR imaging survey}",
booktitle = {Society of Photo-Optical Instrumentation Engineers (SPIE) Conference Series},
     year = 2010,
   series = {Society of Photo-Optical Instrumentation Engineers (SPIE) Conference Series},
   volume = 7733,
    month = jul,
      eid = {77330E},
      doi = {10.1117/12.859188},
   adsurl = {http://adsabs.harvard.edu/abs/2010SPIE.7733E..0EK},
  adsnote = {Provided by the SAO/NASA Astrophysics Data System}
}

@ARTICLE{ber14a,
   author = {{Bernard}, E.~J. and {Ferguson}, A.~M.~N. and {Schlafly}, E.~F. and 
    {Platais}, I. and {Bell}, E.~F. and {Martin}, N.~F. and {Rix}, H.-W. and 
    {Slater}, C.~T. and {Burgett}, W.~S. and {Chambers}, K.~C. and 
    {Draper}, P.~W. and {Hodapp}, K.~W. and {Kaiser}, N. and {Kudritzki}, R.-P. and 
    {Magnier}, E.~A. and {Metcalfe}, N. and {Tonry}, J.~L. and {Wainscoat}, R.~J. and 
    {Waters}, C.},
    title = "{Galactic globular and open cluster fiducial sequences in the Pan-STARRS1 photometric system}",
  journal = {\mnras},
archivePrefix = "arXiv",
   eprint = {1405.6644},
 keywords = {surveys, stars: evolution, Hertzsprung-Russell and colour-magnitude diagrams, globular clusters: general, open clusters and associations: general},
     year = 2014,
    month = aug,
   volume = 442,
    pages = {2999-3009},
      doi = {10.1093/mnras/stu1081},
   adsurl = {http://adsabs.harvard.edu/abs/2014MNRAS.442.2999B},
  adsnote = {Provided by the SAO/NASA Astrophysics Data System}
}

@ARTICLE{ber14b,
   author = {{Bernard}, E.~J. and {Ferguson}, A.~M.~N. and {Schlafly}, E.~F. and 
    {Abbas}, M. and {Bell}, E.~F. and {Deacon}, N.~R. and {Martin}, N.~F. and 
    {Rix}, H.-W. and {Sesar}, B. and {Slater}, C.~T. and {Pe{\~n}arrubia}, J. and 
    {Wyse}, R.~F.~G. and {Burgett}, W.~S. and {Chambers}, K.~C. and 
    {Draper}, P.~W. and {Hodapp}, K.~W. and {Kaiser}, N. and {Kudritzki}, R.-P. and 
    {Magnier}, E.~A. and {Metcalfe}, N. and {Morgan}, J.~S. and 
    {Price}, P.~A. and {Tonry}, J.~L. and {Wainscoat}, R.~J. and 
    {Waters}, C.},
    title = "{Serendipitous discovery of a thin stellar stream near the Galactic bulge in the Pan-STARRS1 3{$\pi$} Survey}",
  journal = {\mnras},
archivePrefix = "arXiv",
   eprint = {1405.6645},
 keywords = {surveys, globular clusters: general, Galaxy: halo, Galaxy: structure},
     year = 2014,
    month = sep,
   volume = 443,
    pages = {L84-L88},
      doi = {10.1093/mnrasl/slu089},
   adsurl = {http://adsabs.harvard.edu/abs/2014MNRAS.443L..84B},
  adsnote = {Provided by the SAO/NASA Astrophysics Data System}
}

@ARTICLE{har96,
   author = {{Harris}, W.~E.},
    title = "{A Catalog of Parameters for Globular Clusters in the Milky Way}",
  journal = {\aj},
 keywords = {GLOBULAR CLUSTERS: GENERAL, CATALOGS},
     year = 1996,
    month = oct,
   volume = 112,
    pages = {1487},
      doi = {10.1086/118116},
   adsurl = {http://adsabs.harvard.edu/abs/1996AJ....112.1487H},
  adsnote = {Provided by the SAO/NASA Astrophysics Data System}
}

@ARTICLE{kir13,
   author = {{Kirby}, E.~N. and {Cohen}, J.~G. and {Guhathakurta}, P. and 
    {Cheng}, L. and {Bullock}, J.~S. and {Gallazzi}, A.},
    title = "{The Universal Stellar Mass-Stellar Metallicity Relation for Dwarf Galaxies}",
  journal = {\apj},
archivePrefix = "arXiv",
   eprint = {1310.0814},
 primaryClass = "astro-ph.GA",
 keywords = {galaxies: abundances, galaxies: dwarf, galaxies: fundamental parameters, galaxies: irregular, Local Group},
     year = 2013,
    month = dec,
   volume = 779,
      eid = {102},
    pages = {102},
      doi = {10.1088/0004-637X/779/2/102},
   adsurl = {http://adsabs.harvard.edu/abs/2013ApJ...779..102K},
  adsnote = {Provided by the SAO/NASA Astrophysics Data System}
}

@ARTICLE{stu10,
   author = {{Stubbs}, C.~W. and {Doherty}, P. and {Cramer}, C. and {Narayan}, G. and 
    {Brown}, Y.~J. and {Lykke}, K.~R. and {Woodward}, J.~T. and 
    {Tonry}, J.~L.},
    title = "{Precise Throughput Determination of the PanSTARRS Telescope and the Gigapixel Imager Using a Calibrated Silicon Photodiode and a Tunable Laser: Initial Results}",
  journal = {\apjs},
archivePrefix = "arXiv",
   eprint = {1003.3465},
 primaryClass = "astro-ph.IM",
 keywords = {instrumentation: detectors, instrumentation: photometers, surveys, techniques: photometric},
     year = 2010,
    month = dec,
   volume = 191,
    pages = {376-388},
      doi = {10.1088/0067-0049/191/2/376},
   adsurl = {http://adsabs.harvard.edu/abs/2010ApJS..191..376S},
  adsnote = {Provided by the SAO/NASA Astrophysics Data System}
}

@ARTICLE{ton12,
   author = {{Tonry}, J.~L. and {Stubbs}, C.~W. and {Lykke}, K.~R. and {Doherty}, P. and 
    {Shivvers}, I.~S. and {Burgett}, W.~S. and {Chambers}, K.~C. and 
    {Hodapp}, K.~W. and {Kaiser}, N. and {Kudritzki}, R.-P. and 
    {Magnier}, E.~A. and {Morgan}, J.~S. and {Price}, P.~A. and 
    {Wainscoat}, R.~J.},
    title = "{The Pan-STARRS1 Photometric System}",
  journal = {\apj},
archivePrefix = "arXiv",
   eprint = {1203.0297},
 primaryClass = "astro-ph.IM",
 keywords = {atmospheric effects, instrumentation: photometers, surveys, techniques: photometric},
     year = 2012,
    month = may,
   volume = 750,
      eid = {99},
    pages = {99},
      doi = {10.1088/0004-637X/750/2/99},
   adsurl = {http://adsabs.harvard.edu/abs/2012ApJ...750...99T},
  adsnote = {Provided by the SAO/NASA Astrophysics Data System}
}

@ARTICLE{hod04,
   author = {{Hodapp}, K.~W. and {Kaiser}, N. and {Aussel}, H. and {Burgett}, W. and 
    {Chambers}, K.~C. and {Chun}, M. and {Dombeck}, T. and {Douglas}, A. and 
    {Hafner}, D. and {Heasley}, J. and {Hoblitt}, J. and {Hude}, C. and 
    {Isani}, S. and {Jedicke}, R. and {Jewitt}, D. and {Laux}, U. and 
    {Luppino}, G.~A. and {Lupton}, R. and {Maberry}, M. and {Magnier}, E. and 
    {Mannery}, E. and {Monet}, D. and {Morgan}, J. and {Onaka}, P. and 
    {Price}, P. and {Ryan}, A. and {Siegmund}, W. and {Szapudi}, I. and 
    {Tonry}, J. and {Wainscoat}, R. and {Waterson}, M.},
    title = "{Design of the Pan-STARRS telescopes}",
  journal = {Astronomische Nachrichten},
 keywords = {survey telescope, optical design},
     year = 2004,
    month = oct,
   volume = 325,
    pages = {636-642},
      doi = {10.1002/asna.200410300},
   adsurl = {http://adsabs.harvard.edu/abs/2004AN....325..636H},
  adsnote = {Provided by the SAO/NASA Astrophysics Data System}
}

@INPROCEEDINGS{to09,
   author = {{Tonry}, J. and {Onaka}, P.},
    title = "{The Pan-STARRS Gigapixel Camera}",
booktitle = {Advanced Maui Optical and Space Surveillance Technologies Conference},
     year = 2009,
   adsurl = {http://adsabs.harvard.edu/abs/2009amos.confE..40T},
  adsnote = {Provided by the SAO/NASA Astrophysics Data System}
}

@INPROCEEDINGS{ona08,
   author = {{Onaka}, P. and {Tonry}, J.~L. and {Isani}, S. and {Lee}, A. and 
    {Uyeshiro}, R. and {Rae}, C. and {Robertson}, L. and {Ching}, G.
    },
    title = "{The Pan-STARRS Gigapixel Camera \#1 and STARGRASP controller results and performance}",
booktitle = {Society of Photo-Optical Instrumentation Engineers (SPIE) Conference Series},
     year = 2008,
   series = {Society of Photo-Optical Instrumentation Engineers (SPIE) Conference Series},
   volume = 7014,
    month = jul,
      eid = {70140D},
      doi = {10.1117/12.788093},
   adsurl = {http://adsabs.harvard.edu/abs/2008SPIE.7014E..0DO},
  adsnote = {Provided by the SAO/NASA Astrophysics Data System}
}

@INPROCEEDINGS{mag06,
   author = {{Magnier}, E.},
    title = "{The Pan-STARRS PS1 Image Processing Pipeline}",
booktitle = {The Advanced Maui Optical and Space Surveillance Technologies Conference},
     year = 2006,
   adsurl = {http://adsabs.harvard.edu/abs/2006amos.confE..50M},
  adsnote = {Provided by the SAO/NASA Astrophysics Data System}
}

@INPROCEEDINGS{mag07,
   author = {{Magnier}, E.},
    title = "{Calibration of the Pan-STARRS 3{$\pi$} Survey}",
booktitle = {The Future of Photometric, Spectrophotometric and Polarimetric Standardization},
     year = 2007,
   series = {Astronomical Society of the Pacific Conference Series},
   volume = 364,
   editor = {{Sterken}, C.},
    month = apr,
    pages = {153},
   adsurl = {http://adsabs.harvard.edu/abs/2007ASPC..364..153M},
  adsnote = {Provided by the SAO/NASA Astrophysics Data System}
}

@INPROCEEDINGS{mag08,
   author = {{Magnier}, E.~A. and {Liu}, M. and {Monet}, D.~G. and {Chambers}, K.~C.
    },
    title = "{The extended solar neighborhood: precision astrometry from the Pan-STARRS 1 3{$\pi$} Survey}",
 keywords = {astrometry, surveys, stars: low-mass, brown dwarfs, stars: formation},
booktitle = {IAU Symposium},
     year = 2008,
   series = {IAU Symposium},
   volume = 248,
   editor = {{Jin}, W.~J. and {Platais}, I. and {Perryman}, M.~A.~C.},
    month = jul,
    pages = {553-559},
      doi = {10.1017/S1743921308020139},
   adsurl = {http://adsabs.harvard.edu/abs/2008IAUS..248..553M},
  adsnote = {Provided by the SAO/NASA Astrophysics Data System}
}

@ARTICLE{sch12,
   author = {{Schlafly}, E.~F. and {Finkbeiner}, D.~P. and {Juri{\'c}}, M. and 
    {Magnier}, E.~A. and {Burgett}, W.~S. and {Chambers}, K.~C. and 
    {Grav}, T. and {Hodapp}, K.~W. and {Kaiser}, N. and {Kudritzki}, R.-P. and 
    {Martin}, N.~F. and {Morgan}, J.~S. and {Price}, P.~A. and {Rix}, H.-W. and 
    {Stubbs}, C.~W. and {Tonry}, J.~L. and {Wainscoat}, R.~J.},
    title = "{Photometric Calibration of the First 1.5 Years of the Pan-STARRS1 Survey}",
  journal = {\apj},
archivePrefix = "arXiv",
   eprint = {1201.2208},
 primaryClass = "astro-ph.IM",
 keywords = {atmospheric effects, methods: data analysis, surveys, techniques: photometric},
     year = 2012,
    month = sep,
   volume = 756,
      eid = {158},
    pages = {158},
      doi = {10.1088/0004-637X/756/2/158},
   adsurl = {http://adsabs.harvard.edu/abs/2012ApJ...756..158S},
  adsnote = {Provided by the SAO/NASA Astrophysics Data System}
}

@INPROCEEDINGS{fab02,
   author = {{Faber}, S.~M. and {Phillips}, A.~C. and {Kibrick}, R.~I. and 
    {Alcott}, B. and {Allen}, S.~L. and {Burrous}, J. and {Cantrall}, T. and 
    {Clarke}, D. and {Coil}, A.~L. and {Cowley}, D.~J. and {Davis}, M. and 
    {Deich}, W.~T.~S. and {Dietsch}, K. and {Gilmore}, D.~K. and 
    {Harper}, C.~A. and {Hilyard}, D.~F. and {Lewis}, J.~P. and 
    {McVeigh}, M. and {Newman}, J. and {Osborne}, J. and {Schiavon}, R. and 
    {Stover}, R.~J. and {Tucker}, D. and {Wallace}, V. and {Wei}, M. and 
    {Wirth}, G. and {Wright}, C.~A.},
    title = "{The DEIMOS spectrograph for the Keck II Telescope: integration and testing}",
booktitle = {Instrument Design and Performance for Optical/Infrared Ground-based Telescopes},
     year = 2003,
   series = {Society of Photo-Optical Instrumentation Engineers (SPIE) Conference Series},
   volume = 4841,
   editor = {{Iye}, M. and {Moorwood}, A.~F.~M.},
    month = mar,
    pages = {1657-1669},
      doi = {10.1117/12.460346},
   adsurl = {http://adsabs.harvard.edu/abs/2003SPIE.4841.1657F},
  adsnote = {Provided by the SAO/NASA Astrophysics Data System}
}

@ARTICLE{sze11,
   author = {{Szentgyorgyi}, A. and {Furesz}, G. and {Cheimets}, P. and {Conroy}, M. and 
    {Eng}, R. and {Fabricant}, D. and {Fata}, R. and {Gauron}, T. and 
    {Geary}, J. and {McLeod}, B. and {Zajac}, J. and {Amato}, S. and 
    {Bergner}, H. and {Caldwell}, N. and {Dupree}, A. and {Goddard}, R. and 
    {Johnston}, E. and {Meibom}, S. and {Mink}, D. and {Pieri}, M. and 
    {Roll}, J. and {Tokarz}, S. and {Wyatt}, W. and {Epps}, H. and 
    {Hartmann}, L. and {Meszaros}, S.},
    title = "{Hectochelle: A Multiobject Optical Echelle Spectrograph for the MMT}",
  journal = {\pasp},
 keywords = {Astronomical Instrumentation},
     year = 2011,
    month = oct,
   volume = 123,
    pages = {1188-1209},
      doi = {10.1086/662209},
   adsurl = {http://adsabs.harvard.edu/abs/2011PASP..123.1188S},
  adsnote = {Provided by the SAO/NASA Astrophysics Data System}
}

@ARTICLE{cal09,
   author = {{Caldwell}, N. and {Harding}, P. and {Morrison}, H. and {Rose}, J.~A. and 
    {Schiavon}, R. and {Kriessler}, J.},
    title = "{Star Clusters in M31. I. A Catalog and a Study of the Young Clusters}",
  journal = {\aj},
archivePrefix = "arXiv",
   eprint = {0809.5283},
 keywords = {catalogs, galaxies: individual: M31, galaxies: star clusters, globular clusters: general},
     year = 2009,
    month = jan,
   volume = 137,
    pages = {94-110},
      doi = {10.1088/0004-6256/137/1/94},
   adsurl = {http://adsabs.harvard.edu/abs/2009AJ....137...94C},
  adsnote = {Provided by the SAO/NASA Astrophysics Data System}
}

@ARTICLE{km98,
   author = {{Kurtz}, M.~J. and {Mink}, D.~J.},
    title = "{RVSAO 2.0: Digital Redshifts and Radial Velocities}",
  journal = {\pasp},
   eprint = {astro-ph/9803252},
 keywords = {INSTRUMENTATION: SPECTROGRAPHS, METHODS: DATA ANALYSIS, TECHNIQUES: RADIAL VELOCITIES},
     year = 1998,
    month = aug,
   volume = 110,
    pages = {934-977},
      doi = {10.1086/316207},
   adsurl = {http://adsabs.harvard.edu/abs/1998PASP..110..934K},
  adsnote = {Provided by the SAO/NASA Astrophysics Data System}
}

@ARTICLE{lat02,
   author = {{Latham}, D.~W. and {Stefanik}, R.~P. and {Torres}, G. and {Davis}, R.~J. and 
    {Mazeh}, T. and {Carney}, B.~W. and {Laird}, J.~B. and {Morse}, J.~A.
    },
    title = "{A Survey of Proper-Motion Stars. XVI. Orbital Solutions for 171 Single-lined Spectroscopic Binaries}",
  journal = {\aj},
 keywords = {Stars: Binaries: Spectroscopic, Galaxy: Halo},
     year = 2002,
    month = aug,
   volume = 124,
    pages = {1144-1161},
      doi = {10.1086/341384},
   adsurl = {http://adsabs.harvard.edu/abs/2002AJ....124.1144L},
  adsnote = {Provided by the SAO/NASA Astrophysics Data System}
}

@ARTICLE{kop11,
   author = {{Koposov}, S.~E. and {Gilmore}, G. and {Walker}, M.~G. and {Belokurov}, V. and 
    {Wyn Evans}, N. and {Fellhauer}, M. and {Gieren}, W. and {Geisler}, D. and 
    {Monaco}, L. and {Norris}, J.~E. and {Okamoto}, S. and {Pe{\~n}arrubia}, J. and 
    {Wilkinson}, M. and {Wyse}, R.~F.~G. and {Zucker}, D.~B.},
    title = "{Accurate Stellar Kinematics at Faint Magnitudes: Application to the Bo{\"o}tes I Dwarf Spheroidal Galaxy}",
  journal = {\apj},
archivePrefix = "arXiv",
   eprint = {1105.4102},
 primaryClass = "astro-ph.GA",
 keywords = {galaxies: dwarf, galaxies: individual: Bo{\"o}tes I, galaxies: kinematics and dynamics, methods: data analysis, techniques: radial velocities},
     year = 2011,
    month = aug,
   volume = 736,
      eid = {146},
    pages = {146},
      doi = {10.1088/0004-637X/736/2/146},
   adsurl = {http://adsabs.harvard.edu/abs/2011ApJ...736..146K},
  adsnote = {Provided by the SAO/NASA Astrophysics Data System}
}

@ARTICLE{sch14,
   author = {{Schlafly}, E.~F. and {Green}, G. and {Finkbeiner}, D.~P. and 
    {Juri{\'c}}, M. and {Rix}, H.-W. and {Martin}, N.~F. and {Burgett}, W.~S. and 
    {Chambers}, K.~C. and {Draper}, P.~W. and {Hodapp}, K.~W. and 
    {Kaiser}, N. and {Kudritzki}, R.-P. and {Magnier}, E.~A. and 
    {Metcalfe}, N. and {Morgan}, J.~S. and {Price}, P.~A. and {Stubbs}, C.~W. and 
    {Tonry}, J.~L. and {Wainscoat}, R.~J. and {Waters}, C.},
    title = "{A Map of Dust Reddening to 4.5 kpc from Pan-STARRS1}",
  journal = {\apj},
archivePrefix = "arXiv",
   eprint = {1405.2922},
 keywords = {dust, extinction, ISM: clouds},
     year = 2014,
    month = jul,
   volume = 789,
      eid = {15},
    pages = {15},
      doi = {10.1088/0004-637X/789/1/15},
   adsurl = {http://adsabs.harvard.edu/abs/2014ApJ...789...15S},
  adsnote = {Provided by the SAO/NASA Astrophysics Data System}
}

@ARTICLE{mun05,
   author = {{Munari}, U. and {Sordo}, R. and {Castelli}, F. and {Zwitter}, T.
    },
    title = "{An extensive library of 2500 10 500 {\AA} synthetic spectra}",
  journal = {\aap},
   eprint = {arXiv:astro-ph/0502047},
 keywords = {astronomical data bases: miscellaneous, stars: atmospheres, stars: fundamental parameters, surveys},
     year = 2005,
    month = nov,
   volume = 442,
    pages = {1127-1134},
      doi = {10.1051/0004-6361:20042490},
   adsurl = {http://adsabs.harvard.edu/abs/2005A%26A...442.1127M},
  adsnote = {Provided by the SAO/NASA Astrophysics Data System}
}

@ARTICLE{knu06,
   author = {{Knuth}, K.~H.},
    title = "{Optimal Data-Based Binning for Histograms}",
  journal = {ArXiv Physics e-prints},
   eprint = {physics/0605197},
 keywords = {Physics - Data Analysis, Statistics and Probability, Mathematics - Probability, Mathematics - Statistics Theory, Physics - Computational Physics},
     year = 2006,
    month = may,
   adsurl = {http://adsabs.harvard.edu/abs/2006physics...5197K},
  adsnote = {Provided by the SAO/NASA Astrophysics Data System}
}

@BOOK{astroMLText,
 title={Statistics, Data Mining and Machine Learning in Astronomy},
 author={{Ivezi{\'c}}, {\v Z}. and {Connolly}, A.J.
         and {Vanderplas}, J.T. and {Gray}, A.},
 publisher={Princeton University Press},
 location={Princeton, NJ},
 year={2014}
}

@book{lup93,
  title={Statistics in theory and practice},
  author={Lupton, Robert},
  year={1993},
  publisher={Princeton University Press}
}

@ARTICLE{rei75,
   author = {{Reimers}, D.},
    title = "{Circumstellar absorption lines and mass loss from red giants}",
  journal = {Memoires of the Societe Royale des Sciences de Liege},
 keywords = {Absorption Spectra, Giant Stars, Line Spectra, M Stars, Stellar Envelopes, Stellar Mass Ejection, Doppler Effect, Ionization, K Lines, Spectral Line Width, Stellar Evolution, Stellar Spectra, Velocity Distribution},
     year = 1975,
   volume = 8,
    pages = {369-382},
   adsurl = {http://adsabs.harvard.edu/abs/1975MSRSL...8..369R},
  adsnote = {Provided by the SAO/NASA Astrophysics Data System}
}

@ARTICLE{rei77,
   author = {{Reimers}, D.},
    title = "{On the absolute scale of mass-loss in red giants. I - Circumstellar absorption lines in the spectrum of the visual companion of Alpha-1 HER}",
  journal = {\aap},
 keywords = {Absorption Spectra, Companion Stars, Red Giant Stars, Stellar Mass Ejection, Stellar Spectra, Abundance, M Stars, Stellar Evolution, Stellar Luminosity, Stellar Mass},
     year = 1977,
    month = oct,
   volume = 61,
    pages = {217-224},
   adsurl = {http://adsabs.harvard.edu/abs/1977A%26A....61..217R},
  adsnote = {Provided by the SAO/NASA Astrophysics Data System}
}

@ARTICLE{bre12,
   author = {{Bressan}, A. and {Marigo}, P. and {Girardi}, L. and {Salasnich}, B. and 
    {Dal Cero}, C. and {Rubele}, S. and {Nanni}, A.},
    title = "{PARSEC: stellar tracks and isochrones with the PAdova and TRieste Stellar Evolution Code}",
  journal = {\mnras},
archivePrefix = "arXiv",
   eprint = {1208.4498},
 primaryClass = "astro-ph.SR",
 keywords = {stars: evolution, Hertzsprung{\dash}Russell and colour magnitude diagrams, stars: interiors, stars: low-mass},
     year = 2012,
    month = nov,
   volume = 427,
    pages = {127-145},
      doi = {10.1111/j.1365-2966.2012.21948.x},
   adsurl = {http://adsabs.harvard.edu/abs/2012MNRAS.427..127B},
  adsnote = {Provided by the SAO/NASA Astrophysics Data System}
}

@ARTICLE{che14,
   author = {{Chen}, Y. and {Girardi}, L. and {Bressan}, A. and {Marigo}, P. and 
    {Barbieri}, M. and {Kong}, X.},
    title = "{Improving PARSEC models for very low mass stars}",
  journal = {\mnras},
archivePrefix = "arXiv",
   eprint = {1409.0322},
 primaryClass = "astro-ph.SR",
 keywords = {stars: evolution, Hertzsprung-Russell and colour-magnitude diagrams, stars: low-mass},
     year = 2014,
    month = nov,
   volume = 444,
    pages = {2525-2543},
      doi = {10.1093/mnras/stu1605},
   adsurl = {http://adsabs.harvard.edu/abs/2014MNRAS.444.2525C},
  adsnote = {Provided by the SAO/NASA Astrophysics Data System}
}

@ARTICLE{mar13,
   author = {{Martin}, N.~F. and {Ibata}, R.~A. and {McConnachie}, A.~W. and 
    {Dougal Mackey}, A. and {Ferguson}, A.~M.~N. and {Irwin}, M.~J. and 
    {Lewis}, G.~F. and {Fardal}, M.~A.},
    title = "{The PAndAS View of the Andromeda Satellite System. I. A Bayesian Search for Dwarf Galaxies Using Spatial and Color-Magnitude Information}",
  journal = {\apj},
archivePrefix = "arXiv",
   eprint = {1307.7626},
 primaryClass = "astro-ph.GA",
 keywords = {galaxies: dwarf, Local Group, methods: data analysis, methods: statistical },
     year = 2013,
    month = oct,
   volume = 776,
      eid = {80},
    pages = {80},
      doi = {10.1088/0004-637X/776/2/80},
   adsurl = {http://adsabs.harvard.edu/abs/2013ApJ...776...80M},
  adsnote = {Provided by the SAO/NASA Astrophysics Data System}
}

@ARTICLE{SFD98,
   author = {{Schlegel}, D.~J. and {Finkbeiner}, D.~P. and {Davis}, M.},
    title = "{Maps of Dust Infrared Emission for Use in Estimation of Reddening and Cosmic Microwave Background Radiation Foregrounds}",
  journal = {\apj},
   eprint = {arXiv:astro-ph/9710327},
 keywords = {COSMOLOGY: DIFFUSE RADIATION, COSMOLOGY: COSMIC MICROWAVE BACKGROUND, ISM: DUST, EXTINCTION, INTERPLANETARY MEDIUM, INFRARED: ISM: CONTINUUM},
     year = 1998,
    month = jun,
   volume = 500,
    pages = {525},
      doi = {10.1086/305772},
   adsurl = {http://adsabs.harvard.edu/abs/1998ApJ...500..525S},
  adsnote = {Provided by the SAO/NASA Astrophysics Data System}
}

@ARTICLE{rpf88,
   author = {{Renzini}, A. and {Fusi Pecci}, F.},
    title = "{Tests of evolutionary sequences using color-magnitude diagrams of globular clusters}",
  journal = {\araa},
 keywords = {Color-Magnitude Diagram, Globular Clusters, Main Sequence Stars, Stellar Evolution, Astronomical Models, Asymptotic Giant Branch Stars, Cosmology, Horizontal Branch Stars, Red Giant Stars, Stellar Luminosity, Stellar Mass, Stellar Systems, Subgiant Stars},
     year = 1988,
   volume = 26,
    pages = {199-244},
      doi = {10.1146/annurev.aa.26.090188.001215},
   adsurl = {http://cdsads.u-strasbg.fr/abs/1988ARA%26A..26..199R},
  adsnote = {Provided by the SAO/NASA Astrophysics Data System}
}

@ARTICLE{sf11,
   author = {{Schlafly}, E.~F. and {Finkbeiner}, D.~P.},
    title = "{Measuring Reddening with Sloan Digital Sky Survey Stellar Spectra and Recalibrating SFD}",
  journal = {\apj},
archivePrefix = "arXiv",
   eprint = {1012.4804},
 primaryClass = "astro-ph.GA",
 keywords = {dust, extinction, Galaxy: stellar content, ISM: clouds},
     year = 2011,
    month = aug,
   volume = 737,
      eid = {103},
    pages = {103},
      doi = {10.1088/0004-637X/737/2/103},
   adsurl = {http://adsabs.harvard.edu/abs/2011ApJ...737..103S},
  adsnote = {Provided by the SAO/NASA Astrophysics Data System}
}

@ARTICLE{scs93,
   author = {{Salaris}, M. and {Chieffi}, A. and {Straniero}, O.},
    title = "{The alpha-enhanced isochrones and their impact on the FITS to the Galactic globular cluster system}",
  journal = {\apj},
 keywords = {Globular Clusters, Milky Way Galaxy, Stellar Evolution, Stellar Interiors, Stellar Models, Asymptotic Giant Branch Stars, Luminosity, Main Sequence Stars, Metallicity, Opacity, Stellar Composition},
     year = 1993,
    month = sep,
   volume = 414,
    pages = {580-600},
      doi = {10.1086/173105},
   adsurl = {http://adsabs.harvard.edu/abs/1993ApJ...414..580S},
  adsnote = {Provided by the SAO/NASA Astrophysics Data System}
}

@ARTICLE{VdB13,
   author = {{VandenBerg}, D.~A. and {Brogaard}, K. and {Leaman}, R. and 
    {Casagrande}, L.},
    title = "{The Ages of 55 Globular Clusters as Determined Using an Improved $\backslash$Delta V\^{}HB\_TO Method along with Color-Magnitude Diagram Constraints, and Their Implications for Broader Issues}",
  journal = {\apj},
archivePrefix = "arXiv",
   eprint = {1308.2257},
 primaryClass = "astro-ph.GA",
 keywords = {globular clusters: general, stars: abundances, stars: evolution, stars: interiors, stars: Population II},
     year = 2013,
    month = oct,
   volume = 775,
      eid = {134},
    pages = {134},
      doi = {10.1088/0004-637X/775/2/134},
   adsurl = {http://adsabs.harvard.edu/abs/2013ApJ...775..134V},
  adsnote = {Provided by the SAO/NASA Astrophysics Data System}
}

@PHDTHESIS{sne73,
   author = {{Sneden}, C.~A.},
    title = "{Carbon and Nitrogen Abundances in Metal-Poor Stars.}",
   school = {THE UNIVERSITY OF TEXAS AT AUSTIN.},
     year = 1973,
   adsurl = {http://adsabs.harvard.edu/abs/1973PhDT.......180S},
  adsnote = {Provided by the SAO/NASA Astrophysics Data System}
}

@ARTICLE{ck04,
   author = {{Castelli}, F. and {Kurucz}, R.~L.},
    title = "{Is missing Fe I opacity in stellar atmospheres a significant problem?}",
  journal = {\aap},
 keywords = {stars: atmospheres, atomic processes, atomic data},
     year = 2004,
    month = may,
   volume = 419,
    pages = {725-733},
      doi = {10.1051/0004-6361:20040079},
   adsurl = {http://adsabs.harvard.edu/abs/2004A%26A...419..725C},
  adsnote = {Provided by the SAO/NASA Astrophysics Data System}
}


@ARTICLE{yon05,
   author = {{Yong}, D. and {Carney}, B.~W. and {Teixera de Almeida}, M.~L.
    },
    title = "{Elemental Abundance Ratios in Stars of the Outer Galactic Disk. I. Open Clusters}",
  journal = {\aj},
   eprint = {astro-ph/0504193},
 keywords = {Galaxy: Abundances, Galaxy: Disk, Galaxy: Open Clusters and Associations: General},
     year = 2005,
    month = aug,
   volume = 130,
    pages = {597-625},
      doi = {10.1086/430934},
   adsurl = {http://adsabs.harvard.edu/abs/2005AJ....130..597Y},
  adsnote = {Provided by the SAO/NASA Astrophysics Data System}
}

@ARTICLE{cas14,
   author = {{Casey}, A.~R. and {Keller}, S.~C. and {Da Costa}, G. and {Frebel}, A. and 
    {Maunder}, E.},
    title = "{Hunting the Parent of the Orphan Stream. II. The First High-resolution Spectroscopic Study}",
  journal = {\apj},
archivePrefix = "arXiv",
   eprint = {1309.3563},
 primaryClass = "astro-ph.SR",
 keywords = {Galaxy: halo, Galaxy: structure, stars: abundances, stars: late-type, stars: Population II},
     year = 2014,
    month = mar,
   volume = 784,
      eid = {19},
    pages = {19},
      doi = {10.1088/0004-637X/784/1/19},
   adsurl = {http://adsabs.harvard.edu/abs/2014ApJ...784...19C},
  adsnote = {Provided by the SAO/NASA Astrophysics Data System}
}

@ARTICLE{fre10,
   author = {{Frebel}, A. and {Simon}, J.~D. and {Geha}, M. and {Willman}, B.
    },
    title = "{High-Resolution Spectroscopy of Extremely Metal-Poor Stars in the Least Evolved Galaxies: Ursa Major II and Coma Berenices}",
  journal = {\apj},
archivePrefix = "arXiv",
   eprint = {0902.2395},
 primaryClass = "astro-ph.GA",
 keywords = {early universe, galaxies: dwarf, Galaxy: halo, Local Group, stars: abundances, stars: Population II},
     year = 2010,
    month = jan,
   volume = 708,
    pages = {560-583},
      doi = {10.1088/0004-637X/708/1/560},
   adsurl = {http://adsabs.harvard.edu/abs/2010ApJ...708..560F},
  adsnote = {Provided by the SAO/NASA Astrophysics Data System}
}

@ARTICLE{yor00,
   author = {{York}, D.~G. and {Adelman}, J. and {Anderson}, Jr., J.~E. and
    {Anderson}, S.~F. and {Annis}, J. and {Bahcall}, N.~A. and {Bakken}, J.~A. and
    {Barkhouser}, R. and {Bastian}, S. and {Berman}, E. and {Boroski}, W.~N. and
    {Bracker}, S. and {Briegel}, C. and {Briggs}, J.~W. and {Brinkmann}, J. and
    {Brunner}, R. and {Burles}, S. and {Carey}, L. and {Carr}, M.~A. and
    {Castander}, F.~J. and {Chen}, B. and {Colestock}, P.~L. and
    {Connolly}, A.~J. and {Crocker}, J.~H. and {Csabai}, I. and
    {Czarapata}, P.~C. and {Davis}, J.~E. and {Doi}, M. and {Dombeck}, T. and
    {Eisenstein}, D. and {Ellman}, N. and {Elms}, B.~R. and {Evans}, M.~L. and
    {Fan}, X. and {Federwitz}, G.~R. and {Fiscelli}, L. and {Friedman}, S. and
    {Frieman}, J.~A. and {Fukugita}, M. and {Gillespie}, B. and
    {Gunn}, J.~E. and {Gurbani}, V.~K. and {de Haas}, E. and {Haldeman}, M. and
    {Harris}, F.~H. and {Hayes}, J. and {Heckman}, T.~M. and {Hennessy}, G.~S. and
    {Hindsley}, R.~B. and {Holm}, S. and {Holmgren}, D.~J. and {Huang}, C.-h. and
    {Hull}, C. and {Husby}, D. and {Ichikawa}, S.-I. and {Ichikawa}, T. and
    {Ivezi{\'c}}, {\v Z}. and {Kent}, S. and {Kim}, R.~S.~J. and
    {Kinney}, E. and {Klaene}, M. and {Kleinman}, A.~N. and {Kleinman}, S. and
    {Knapp}, G.~R. and {Korienek}, J. and {Kron}, R.~G. and {Kunszt}, P.~Z. and
    {Lamb}, D.~Q. and {Lee}, B. and {Leger}, R.~F. and {Limmongkol}, S. and
    {Lindenmeyer}, C. and {Long}, D.~C. and {Loomis}, C. and {Loveday}, J. and
    {Lucinio}, R. and {Lupton}, R.~H. and {MacKinnon}, B. and {Mannery}, E.~J. and
    {Mantsch}, P.~M. and {Margon}, B. and {McGehee}, P. and {McKay}, T.~A. and
    {Meiksin}, A. and {Merelli}, A. and {Monet}, D.~G. and {Munn}, J.~A. and
    {Narayanan}, V.~K. and {Nash}, T. and {Neilsen}, E. and {Neswold}, R. and
    {Newberg}, H.~J. and {Nichol}, R.~C. and {Nicinski}, T. and
    {Nonino}, M. and {Okada}, N. and {Okamura}, S. and {Ostriker}, J.~P. and
    {Owen}, R. and {Pauls}, A.~G. and {Peoples}, J. and {Peterson}, R.~L. and
    {Petravick}, D. and {Pier}, J.~R. and {Pope}, A. and {Pordes}, R. and
    {Prosapio}, A. and {Rechenmacher}, R. and {Quinn}, T.~R. and
    {Richards}, G.~T. and {Richmond}, M.~W. and {Rivetta}, C.~H. and
    {Rockosi}, C.~M. and {Ruthmansdorfer}, K. and {Sandford}, D. and
    {Schlegel}, D.~J. and {Schneider}, D.~P. and {Sekiguchi}, M. and
    {Sergey}, G. and {Shimasaku}, K. and {Siegmund}, W.~A. and {Smee}, S. and
    {Smith}, J.~A. and {Snedden}, S. and {Stone}, R. and {Stoughton}, C. and
    {Strauss}, M.~A. and {Stubbs}, C. and {SubbaRao}, M. and {Szalay}, A.~S. and
    {Szapudi}, I. and {Szokoly}, G.~P. and {Thakar}, A.~R. and {Tremonti}, C. and
    {Tucker}, D.~L. and {Uomoto}, A. and {Vanden Berk}, D. and {Vogeley}, M.~S. and
    {Waddell}, P. and {Wang}, S.-i. and {Watanabe}, M. and {Weinberg}, D.~H. and
    {Yanny}, B. and {Yasuda}, N. and {SDSS Collaboration}},
    title = "{The Sloan Digital Sky Survey: Technical Summary}",
  journal = {\aj},
   eprint = {arXiv:astro-ph/0006396},
 keywords = {Cosmology: Observations, Instrumentation: Miscellaneous},
     year = 2000,
    month = sep,
   volume = 120,
    pages = {1579-1587},
      doi = {10.1086/301513},
   adsurl = {http://adsabs.harvard.edu/abs/2000AJ....120.1579Y},
  adsnote = {Provided by the SAO/NASA Astrophysics Data System}
}

@ARTICLE{ive08,
   author = {{Ivezi{\'c}}, {\v Z}. and {Sesar}, B. and {Juri{\'c}}, M. and 
    {Bond}, N. and {Dalcanton}, J. and {Rockosi}, C.~M. and {Yanny}, B. and 
    {Newberg}, H.~J. and {Beers}, T.~C. and {Allende Prieto}, C. and 
    {Wilhelm}, R. and {Lee}, Y.~S. and {Sivarani}, T. and {Norris}, J.~E. and 
    {Bailer-Jones}, C.~A.~L. and {Re Fiorentin}, P. and {Schlegel}, D. and 
    {Uomoto}, A. and {Lupton}, R.~H. and {Knapp}, G.~R. and {Gunn}, J.~E. and 
    {Covey}, K.~R. and {Smith}, J.~A. and {Miknaitis}, G. and {Doi}, M. and 
    {Tanaka}, M. and {Fukugita}, M. and {Kent}, S. and {Finkbeiner}, D. and 
    {Munn}, J.~A. and {Pier}, J.~R. and {Quinn}, T. and {Hawley}, S. and 
    {Anderson}, S. and {Kiuchi}, F. and {Chen}, A. and {Bushong}, J. and 
    {Sohi}, H. and {Haggard}, D. and {Kimball}, A. and {Barentine}, J. and 
    {Brewington}, H. and {Harvanek}, M. and {Kleinman}, S. and {Krzesinski}, J. and 
    {Long}, D. and {Nitta}, A. and {Snedden}, S. and {Lee}, B. and 
    {Harris}, H. and {Brinkmann}, J. and {Schneider}, D.~P. and 
    {York}, D.~G.},
    title = "{The Milky Way Tomography with SDSS. II. Stellar Metallicity}",
  journal = {\apj},
archivePrefix = "arXiv",
   eprint = {0804.3850},
 keywords = {Galaxy: Halo, Galaxy: Kinematics and Dynamics, Galaxy: Stellar Content, Galaxy: Structure, Methods: Data Analysis, Stars: Statistics},
     year = 2008,
    month = sep,
   volume = 684,
    pages = {287-325},
      doi = {10.1086/589678},
   adsurl = {http://adsabs.harvard.edu/abs/2008ApJ...684..287I},
  adsnote = {Provided by the SAO/NASA Astrophysics Data System}
}

@ARTICLE{fm12,
   author = {{Foreman-Mackey}, D. and {Hogg}, D.~W. and {Lang}, D. and {Goodman}, J.
    },
    title = "{emcee: The MCMC Hammer}",
  journal = {\pasp},
archivePrefix = "arXiv",
   eprint = {1202.3665},
 primaryClass = "astro-ph.IM",
 keywords = {Data Analysis and Techniques},
     year = 2013,
    month = mar,
   volume = 125,
    pages = {306-312},
      doi = {10.1086/670067},
   adsurl = {http://adsabs.harvard.edu/abs/2013PASP..125..306F},
  adsnote = {Provided by the SAO/NASA Astrophysics Data System}
}

@ARTICLE{gw10,
   author = {{Goodman}, J. and {Weare}, J.},
    title = "{Ensemble samplers with affine invariance}",
  journal = {Commun.~Appl.~Math.~Comput.~Sci.},
     year = 2010,
    month = may,
   volume = 5,
    pages = {65-80},
}

@book{jef61,
    author = {Jeffreys, Harold},
    title = {Theory of Probability (3rd Edition)},
    publisher = {Oxford University Press},
    year = {1961},
    address = {New York}
}

@ARTICLE{mj10,
   author = {{Martin}, N.~F. and {Jin}, S.},
    title = "{The Hercules Satellite: A Stellar Stream in the Milky Way Halo?}",
  journal = {\apj},
archivePrefix = "arXiv",
   eprint = {1008.0014},
 primaryClass = "astro-ph.GA",
 keywords = {galaxies: dwarf, galaxies: interactions, galaxies: kinematics and dynamics, Local Group},
     year = 2010,
    month = oct,
   volume = 721,
    pages = {1333-1339},
      doi = {10.1088/0004-637X/721/2/1333},
   adsurl = {http://adsabs.harvard.edu/abs/2010ApJ...721.1333M},
  adsnote = {Provided by the SAO/NASA Astrophysics Data System}
}

@ARTICLE{skr06,
   author = {{Skrutskie}, M.~F. and {Cutri}, R.~M. and {Stiening}, R. and 
    {Weinberg}, M.~D. and {Schneider}, S. and {Carpenter}, J.~M. and 
    {Beichman}, C. and {Capps}, R. and {Chester}, T. and {Elias}, J. and 
    {Huchra}, J. and {Liebert}, J. and {Lonsdale}, C. and {Monet}, D.~G. and 
    {Price}, S. and {Seitzer}, P. and {Jarrett}, T. and {Kirkpatrick}, J.~D. and 
    {Gizis}, J.~E. and {Howard}, E. and {Evans}, T. and {Fowler}, J. and 
    {Fullmer}, L. and {Hurt}, R. and {Light}, R. and {Kopan}, E.~L. and 
    {Marsh}, K.~A. and {McCallon}, H.~L. and {Tam}, R. and {Van Dyk}, S. and 
    {Wheelock}, S.},
    title = "{The Two Micron All Sky Survey (2MASS)}",
  journal = {\aj},
 keywords = {Catalogs, Infrared: General, Surveys},
     year = 2006,
    month = feb,
   volume = 131,
    pages = {1163-1183},
      doi = {10.1086/498708},
   adsurl = {http://adsabs.harvard.edu/abs/2006AJ....131.1163S},
  adsnote = {Provided by the SAO/NASA Astrophysics Data System}
}


@ARTICLE{mon03,
   author = {{Monet}, D.~G. and {Levine}, S.~E. and {Canzian}, B. and {Ables}, H.~D. and 
    {Bird}, A.~R. and {Dahn}, C.~C. and {Guetter}, H.~H. and {Harris}, H.~C. and 
    {Henden}, A.~A. and {Leggett}, S.~K. and {Levison}, H.~F. and 
    {Luginbuhl}, C.~B. and {Martini}, J. and {Monet}, A.~K.~B. and 
    {Munn}, J.~A. and {Pier}, J.~R. and {Rhodes}, A.~R. and {Riepe}, B. and 
    {Sell}, S. and {Stone}, R.~C. and {Vrba}, F.~J. and {Walker}, R.~L. and 
    {Westerhout}, G. and {Brucato}, R.~J. and {Reid}, I.~N. and 
    {Schoening}, W. and {Hartley}, M. and {Read}, M.~A. and {Tritton}, S.~B.
    },
    title = "{The USNO-B Catalog}",
  journal = {\aj},
   eprint = {astro-ph/0210694},
 keywords = {Astrometry, Catalogs},
     year = 2003,
    month = feb,
   volume = 125,
    pages = {984-993},
      doi = {10.1086/345888},
   adsurl = {http://adsabs.harvard.edu/abs/2003AJ....125..984M},
  adsnote = {Provided by the SAO/NASA Astrophysics Data System}
}

@ARTICLE{mun04,
   author = {{Munn}, J.~A. and {Monet}, D.~G. and {Levine}, S.~E. and {Canzian}, B. and 
    {Pier}, J.~R. and {Harris}, H.~C. and {Lupton}, R.~H. and {Ivezi{\'c}}, {\v Z}. and 
    {Hindsley}, R.~B. and {Hennessy}, G.~S. and {Schneider}, D.~P. and 
    {Brinkmann}, J.},
    title = "{An Improved Proper-Motion Catalog Combining USNO-B and the Sloan Digital Sky Survey}",
  journal = {\aj},
 keywords = {Astrometry, Catalogs},
     year = 2004,
    month = may,
   volume = 127,
    pages = {3034-3042},
      doi = {10.1086/383292},
   adsurl = {http://adsabs.harvard.edu/abs/2004AJ....127.3034M},
  adsnote = {Provided by the SAO/NASA Astrophysics Data System}
}


@ARTICLE{mun08,
   author = {{Munn}, J.~A. and {Monet}, D.~G. and {Levine}, S.~E. and {Canzian}, B. and 
    {Pier}, J.~R. and {Harris}, H.~C. and {Lupton}, R.~H. and {Ivezi{\'c}}, {\v Z}. and 
    {Hindsley}, R.~B. and {Hennessy}, G.~S. and {Schneider}, D.~P. and 
    {Brinkmann}, J.},
    title = "{Erratum: ''an Improved Proper-Motion Catalog Combining Usno-B and the Sloan Digital Sky Survey'' (2004, AJ, 127, 3034)}",
  journal = {\aj},
     year = 2008,
    month = aug,
   volume = 136,
    pages = {895},
      doi = {10.1088/0004-6256/136/2/895},
   adsurl = {http://adsabs.harvard.edu/abs/2008AJ....136..895M},
  adsnote = {Provided by the SAO/NASA Astrophysics Data System}
}

@ARTICLE{kro98,
   author = {{Kroupa}, P.},
    title = "{On the binary properties and the spatial and kinematical distribution of young stars}",
  journal = {\mnras},
   eprint = {astro-ph/9803157},
 keywords = {BINARIES: GENERAL, STARS: FORMATION, STARS: KINEMATICS, STARS: LOW-MASS, BROWN DWARFS, STARS: PRE-MAIN-SEQUENCE, STARS: STATISTICS},
     year = 1998,
    month = jul,
   volume = 298,
    pages = {231-242},
      doi = {10.1046/j.1365-8711.1998.01603.x},
   adsurl = {http://adsabs.harvard.edu/abs/1998MNRAS.298..231K},
  adsnote = {Provided by the SAO/NASA Astrophysics Data System}
}

@ARTICLE{kop10,
   author = {{Koposov}, S.~E. and {Rix}, H.-W. and {Hogg}, D.~W.},
    title = "{Constraining the Milky Way Potential with a Six-Dimensional Phase-Space Map of the GD-1 Stellar Stream}",
  journal = {\apj},
archivePrefix = "arXiv",
   eprint = {0907.1085},
 primaryClass = "astro-ph.GA",
 keywords = {Galaxy: fundamental parameters, Galaxy: halo, Galaxy: kinematics and dynamics, methods: statistical, stars: kinematics and dynamics, surveys},
     year = 2010,
    month = mar,
   volume = 712,
    pages = {260-273},
      doi = {10.1088/0004-637X/712/1/260},
   adsurl = {http://adsabs.harvard.edu/abs/2010ApJ...712..260K},
  adsnote = {Provided by the SAO/NASA Astrophysics Data System}
}

@ARTICLE{bov12,
   author = {{Bovy}, J. and {Allende Prieto}, C. and {Beers}, T.~C. and {Bizyaev}, D. and 
    {da Costa}, L.~N. and {Cunha}, K. and {Ebelke}, G.~L. and {Eisenstein}, D.~J. and 
    {Frinchaboy}, P.~M. and {Garc{\'{\i}}a P{\'e}rez}, A.~E. and 
    {Girardi}, L. and {Hearty}, F.~R. and {Hogg}, D.~W. and {Holtzman}, J. and 
    {Maia}, M.~A.~G. and {Majewski}, S.~R. and {Malanushenko}, E. and 
    {Malanushenko}, V. and {M{\'e}sz{\'a}ros}, S. and {Nidever}, D.~L. and 
    {O'Connell}, R.~W. and {O'Donnell}, C. and {Oravetz}, A. and 
    {Pan}, K. and {Rocha-Pinto}, H.~J. and {Schiavon}, R.~P. and 
    {Schneider}, D.~P. and {Schultheis}, M. and {Skrutskie}, M. and 
    {Smith}, V.~V. and {Weinberg}, D.~H. and {Wilson}, J.~C. and 
    {Zasowski}, G.},
    title = "{The Milky Way's Circular-velocity Curve between 4 and 14 kpc from APOGEE data}",
  journal = {\apj},
archivePrefix = "arXiv",
   eprint = {1209.0759},
 primaryClass = "astro-ph.GA",
 keywords = {Galaxy: disk, Galaxy: fundamental parameters, Galaxy: general, Galaxy: kinematics and dynamics, Galaxy: structure, stars: kinematics and dynamics},
     year = 2012,
    month = nov,
   volume = 759,
      eid = {131},
    pages = {131},
      doi = {10.1088/0004-637X/759/2/131},
   adsurl = {http://adsabs.harvard.edu/abs/2012ApJ...759..131B},
  adsnote = {Provided by the SAO/NASA Astrophysics Data System}
}

@ARTICLE{sbd10,
   author = {{Sch{\"o}nrich}, R. and {Binney}, J. and {Dehnen}, W.},
    title = "{Local kinematics and the local standard of rest}",
  journal = {\mnras},
archivePrefix = "arXiv",
   eprint = {0912.3693},
 primaryClass = "astro-ph.GA",
 keywords = {stars: kinematics, Galaxy: disc, Galaxy: fundamental parameters, Galaxy: kinematics and dynamics, solar neighbourhood},
     year = 2010,
    month = apr,
   volume = 403,
    pages = {1829-1833},
      doi = {10.1111/j.1365-2966.2010.16253.x},
   adsurl = {http://adsabs.harvard.edu/abs/2010MNRAS.403.1829S},
  adsnote = {Provided by the SAO/NASA Astrophysics Data System}
}

@ARTICLE{osc72,
   author = {{Ostriker}, J.~P. and {Spitzer}, Jr., L. and {Chevalier}, R.~A.
    },
    title = "{On the Evolution of Globular Clusters}",
  journal = {\apjl},
     year = 1972,
    month = sep,
   volume = 176,
    pages = {L51},
      doi = {10.1086/181018},
   adsurl = {http://adsabs.harvard.edu/abs/1972ApJ...176L..51O},
  adsnote = {Provided by the SAO/NASA Astrophysics Data System}
}

@ARTICLE{bov14,
   author = {{Bovy}, J.},
    title = "{Dynamical Modeling of Tidal Streams}",
  journal = {\apj},
archivePrefix = "arXiv",
   eprint = {1401.2985},
 keywords = {dark matter, galaxies: interactions, Galaxy: halo, Galaxy: kinematics and dynamics, Galaxy: structure },
     year = 2014,
    month = nov,
   volume = 795,
      eid = {95},
    pages = {95},
      doi = {10.1088/0004-637X/795/1/95},
   adsurl = {http://adsabs.harvard.edu/abs/2014ApJ...795...95B},
  adsnote = {Provided by the SAO/NASA Astrophysics Data System}
}

@ARTICLE{sb13,
   author = {{Sanders}, J.~L. and {Binney}, J.},
    title = "{Stream-orbit misalignment - I. The dangers of orbit-fitting}",
  journal = {\mnras},
archivePrefix = "arXiv",
   eprint = {1305.1935},
 keywords = {Galaxy: halo, Galaxy: kinematics and dynamics, Galaxy: structure, galaxies: kinematics and dynamics},
     year = 2013,
    month = aug,
   volume = 433,
    pages = {1813-1825},
      doi = {10.1093/mnras/stt806},
   adsurl = {http://adsabs.harvard.edu/abs/2013MNRAS.433.1813S},
  adsnote = {Provided by the SAO/NASA Astrophysics Data System}
}

@ARTICLE{bov15,
   author = {{Bovy}, J.},
    title = "{galpy: A Python Library for Galactic Dynamics}",
  journal = {ApJS, in press (arXiv:1412.3451)},
archivePrefix = "arXiv",
   eprint = {1412.3451},
 keywords = {Astrophysics - Astrophysics of Galaxies},
     year = 2015,
    month = feb
}

@ARTICLE{gd06,
   author = {{Grillmair}, C.~J. and {Dionatos}, O.},
    title = "{Detection of a 63{\deg} Cold Stellar Stream in the Sloan Digital Sky Survey}",
  journal = {\apjl},
   eprint = {arXiv:astro-ph/0604332},
 keywords = {Galaxy: Halo, Galaxy: Structure, Galaxy: Globular Clusters: General},
     year = 2006,
    month = may,
   volume = 643,
    pages = {L17-L20},
      doi = {10.1086/505111},
   adsurl = {http://adsabs.harvard.edu/abs/2006ApJ...643L..17G},
  adsnote = {Provided by the SAO/NASA Astrophysics Data System}
}

@ARTICLE{new10,
   author = {{Newberg}, H.~J. and {Willett}, B.~A. and {Yanny}, B. and {Xu}, Y.
    },
    title = "{The Orbit of the Orphan Stream}",
  journal = {\apj},
archivePrefix = "arXiv",
   eprint = {1001.0576},
 primaryClass = "astro-ph.GA",
 keywords = {Galaxy: halo, Galaxy: structure, stars: kinematics and dynamics},
     year = 2010,
    month = mar,
   volume = 711,
    pages = {32-49},
      doi = {10.1088/0004-637X/711/1/32},
   adsurl = {http://adsabs.harvard.edu/abs/2010ApJ...711...32N},
  adsnote = {Provided by the SAO/NASA Astrophysics Data System}
}

@ARTICLE{gri06,
   author = {{Grillmair}, C.~J.},
    title = "{Detection of a 60{\deg}-long Dwarf Galaxy Debris Stream}",
  journal = {\apjl},
   eprint = {arXiv:astro-ph/0605396},
 keywords = {Galaxy: Halo, Galaxy: Structure, Galaxy: Globular Clusters: General},
     year = 2006,
    month = jul,
   volume = 645,
    pages = {L37-L40},
      doi = {10.1086/505863},
   adsurl = {http://adsabs.harvard.edu/abs/2006ApJ...645L..37G},
  adsnote = {Provided by the SAO/NASA Astrophysics Data System}
}

@ARTICLE{bel07a,
   author = {{Belokurov}, V. and {Evans}, N.~W. and {Irwin}, M.~J. and {Lynden-Bell}, D. and
    {Yanny}, B. and {Vidrih}, S. and {Gilmore}, G. and {Seabroke}, G. and
    {Zucker}, D.~B. and {Wilkinson}, M.~I. and {Hewett}, P.~C. and
    {Bramich}, D.~M. and {Fellhauer}, M. and {Newberg}, H.~J. and
    {Wyse}, R.~F.~G. and {Beers}, T.~C. and {Bell}, E.~F. and {Barentine}, J.~C. and
    {Brinkmann}, J. and {Cole}, N. and {Pan}, K. and {York}, D.~G.
    },
    title = "{An Orphan in the ``Field of Streams''}",
  journal = {\apj},
   eprint = {arXiv:astro-ph/0605705},
 keywords = {Galaxies: Kinematics and Dynamics, Galaxies: Structure, Galaxies: Local Group},
     year = 2007,
    month = mar,
   volume = 658,
    pages = {337-344},
      doi = {10.1086/511302},
   adsurl = {http://adsabs.harvard.edu/abs/2007ApJ...658..337B},
  adsnote = {Provided by the SAO/NASA Astrophysics Data System}
}

@ARTICLE{ses13,
   author = {{Sesar}, B. and {Grillmair}, C.~J. and {Cohen}, J.~G. and {Bellm}, E.~C. and 
    {Bhalerao}, V.~B. and {Levitan}, D. and {Laher}, R.~R. and {Ofek}, E.~O. and 
    {Surace}, J.~A. and {Tang}, S. and {Waszczak}, A. and {Kulkarni}, S.~R. and 
    {Prince}, T.~A.},
    title = "{Tracing the Orphan Stream to 55 kpc with RR Lyrae Stars}",
  journal = {\apj},
archivePrefix = "arXiv",
   eprint = {1308.0857},
 primaryClass = "astro-ph.GA",
 keywords = {Galaxy: halo, Galaxy: kinematics and dynamics, Galaxy: structure, stars: variables: RR Lyrae},
     year = 2013,
    month = oct,
   volume = 776,
      eid = {26},
    pages = {26},
      doi = {10.1088/0004-637X/776/1/26},
   adsurl = {http://adsabs.harvard.edu/abs/2013ApJ...776...26S},
  adsnote = {Provided by the SAO/NASA Astrophysics Data System}
}

@ARTICLE{bel14,
   author = {{Belokurov}, V. and {Koposov}, S.~E. and {Evans}, N.~W. and
    {Pe{\~n}arrubia}, J. and {Irwin}, M.~J. and {Smith}, M.~C. and
    {Lewis}, G.~F. and {Gieles}, M. and {Wilkinson}, M.~I. and {Gilmore}, G. and 
    {Olszewski}, E.~W. and {Niederste-Ostholt}, M.},
    title = "{Precession of the Sagittarius stream}",
  journal = {\mnras},
archivePrefix = "arXiv",
   eprint = {1301.7069},
 primaryClass = "astro-ph.GA",
 keywords = {blue stragglers, stars: carbon, stars: horizontal branch, Galaxy: fundamental parameters, Galaxy: halo, Galaxy: kinematics and dynamics},
     year = 2014,
    month = jan,
   volume = 437,
    pages = {116-131},
      doi = {10.1093/mnras/stt1862},
   adsurl = {http://adsabs.harvard.edu/abs/2014MNRAS.437..116B},
  adsnote = {Provided by the SAO/NASA Astrophysics Data System}
}

@ARTICLE{maj03,
   author = {{Majewski}, S.~R. and {Skrutskie}, M.~F. and {Weinberg}, M.~D. and
    {Ostheimer}, J.~C.},
    title = "{A Two Micron All Sky Survey View of the Sagittarius Dwarf Galaxy. I. Morphology of the Sagittarius Core and Tidal Arms}",
  journal = {\apj},
   eprint = {arXiv:astro-ph/0304198},
 keywords = {Galaxies: Individual: Name: Sagittarius Dwarf, Galaxies: Stellar Content, Galaxy: Halo, Galaxy: Kinematics and Dynamics, Galaxy: Structure, Galaxies: Local Group},
     year = 2003,
    month = dec,
   volume = 599,
    pages = {1082-1115},
      doi = {10.1086/379504},
   adsurl = {http://adsabs.harvard.edu/abs/2003ApJ...599.1082M},
  adsnote = {Provided by the SAO/NASA Astrophysics Data System}
}

@ARTICLE{bon14,
   author = {{Bonaca}, A. and {Geha}, M. and {K{\"u}pper}, A.~H.~W. and {Diemand}, J. and 
    {Johnston}, K.~V. and {Hogg}, D.~W.},
    title = "{Milky Way Mass and Potential Recovery Using Tidal Streams in a Realistic Halo}",
  journal = {\apj},
archivePrefix = "arXiv",
   eprint = {1406.6063},
 keywords = {dark matter, Galaxy: halo, Galaxy: structure },
     year = 2014,
    month = nov,
   volume = 795,
      eid = {94},
    pages = {94},
      doi = {10.1088/0004-637X/795/1/94},
   adsurl = {http://adsabs.harvard.edu/abs/2014ApJ...795...94B},
  adsnote = {Provided by the SAO/NASA Astrophysics Data System}
}

@ARTICLE{san14,
   author = {{Sanders}, J.~L.},
    title = "{Probabilistic model for constraining the Galactic potential using tidal streams}",
  journal = {\mnras},
archivePrefix = "arXiv",
   eprint = {1401.7602},
 keywords = {methods: numerical, Galaxy: kinematics and dynamics, Galaxy: structure, galaxies: kinematics and dynamics},
     year = 2014,
    month = sep,
   volume = 443,
    pages = {423-431},
      doi = {10.1093/mnras/stu1159},
   adsurl = {http://adsabs.harvard.edu/abs/2014MNRAS.443..423S},
  adsnote = {Provided by the SAO/NASA Astrophysics Data System}
}

@ARTICLE{pw14,
   author = {{Price-Whelan}, A.~M. and {Hogg}, D.~W. and {Johnston}, K.~V. and 
    {Hendel}, D.},
    title = "{Inferring the Gravitational Potential of the Milky Way with a Few Precisely Measured Stars}",
  journal = {\apj},
archivePrefix = "arXiv",
   eprint = {1405.6721},
 keywords = {dark matter, Galaxy: halo, Galaxy: kinematics and dynamics },
     year = 2014,
    month = oct,
   volume = 794,
      eid = {4},
    pages = {4},
      doi = {10.1088/0004-637X/794/1/4},
   adsurl = {http://adsabs.harvard.edu/abs/2014ApJ...794....4P},
  adsnote = {Provided by the SAO/NASA Astrophysics Data System}
}

@ARTICLE{pisces,
   author = {{Martin}, C. and {Carlin}, J.~L. and {Newberg}, H.~J. and {Grillmair}, C.
    },
    title = "{Kinematic Discovery of a Stellar Stream Located in Pisces}",
  journal = {\apjl},
archivePrefix = "arXiv",
   eprint = {1302.2155},
 primaryClass = "astro-ph.GA",
 keywords = {Galaxy: kinematics and dynamics, Galaxy: stellar content, Galaxy: structure},
     year = 2013,
    month = mar,
   volume = 765,
      eid = {L39},
    pages = {L39},
      doi = {10.1088/2041-8205/765/2/L39},
   adsurl = {http://adsabs.harvard.edu/abs/2013ApJ...765L..39M},
  adsnote = {Provided by the SAO/NASA Astrophysics Data System}
}

@ARTICLE{bon12,
   author = {{Bonaca}, A. and {Geha}, M. and {Kallivayalil}, N.},
    title = "{A Cold Milky Way Stellar Stream in the Direction of Triangulum}",
  journal = {\apjl},
archivePrefix = "arXiv",
   eprint = {1209.5391},
 primaryClass = "astro-ph.GA",
 keywords = {Galaxy: halo, Galaxy: structure},
     year = 2012,
    month = nov,
   volume = 760,
      eid = {L6},
    pages = {L6},
      doi = {10.1088/2041-8205/760/1/L6},
   adsurl = {http://adsabs.harvard.edu/abs/2012ApJ...760L...6B},
  adsnote = {Provided by the SAO/NASA Astrophysics Data System}
}

@ARTICLE{deh00,
   author = {{Dehnen}, W.},
    title = "{A Very Fast and Momentum-conserving Tree Code}",
  journal = {\apjl},
   eprint = {astro-ph/0003209},
 keywords = {Celestial Mechanics, Stellar Dynamics, Methods: n-Body Simulations, Methods: Numerical},
     year = 2000,
    month = jun,
   volume = 536,
    pages = {L39-L42},
      doi = {10.1086/312724},
   adsurl = {http://adsabs.harvard.edu/abs/2000ApJ...536L..39D},
  adsnote = {Provided by the SAO/NASA Astrophysics Data System}
}

@ARTICLE{deh02,
   author = {{Dehnen}, W.},
    title = "{A Hierarchical {\lt}E10{\gt}O{\lt}/E10{\gt}(N) Force Calculation Algorithm}",
  journal = {Journal of Computational Physics},
   eprint = {astro-ph/0202512},
     year = 2002,
    month = jun,
   volume = 179,
    pages = {27-42},
      doi = {10.1006/jcph.2002.7026},
   adsurl = {http://adsabs.harvard.edu/abs/2002JCoPh.179...27D},
  adsnote = {Provided by the SAO/NASA Astrophysics Data System}
}

@INPROCEEDINGS{teu95,
   author = {{Teuben}, P.},
    title = "{The Stellar Dynamics Toolbox NEMO}",
booktitle = {Astronomical Data Analysis Software and Systems IV},
     year = 1995,
   series = {Astronomical Society of the Pacific Conference Series},
   volume = 77,
   editor = {{Shaw}, R.~A. and {Payne}, H.~E. and {Hayes}, J.~J.~E.},
    pages = {398},
   adsurl = {http://adsabs.harvard.edu/abs/1995ASPC...77..398T},
  adsnote = {Provided by the SAO/NASA Astrophysics Data System}
}

@ARTICLE{kin66,
   author = {{King}, I.~R.},
    title = "{The structure of star clusters. III. Some simple dynamical models}",
  journal = {\aj},
     year = 1966,
    month = feb,
   volume = 71,
    pages = {64},
      doi = {10.1086/109857},
   adsurl = {http://adsabs.harvard.edu/abs/1966AJ.....71...64K},
  adsnote = {Provided by the SAO/NASA Astrophysics Data System}
}

@ARTICLE{mpv14,
   author = {{Moreno}, E. and {Pichardo}, B. and {Vel{\'a}zquez}, H.},
    title = "{Tidal Radii and Destruction Rates of Globular Clusters in the Milky Way due to Bulge-Bar and Disk Shocking}",
  journal = {\apj},
archivePrefix = "arXiv",
   eprint = {1408.0457},
 keywords = {Galaxy: halo, Galaxy: kinematics and dynamics, globular clusters: general },
     year = 2014,
    month = oct,
   volume = 793,
      eid = {110},
    pages = {110},
      doi = {10.1088/0004-637X/793/2/110},
   adsurl = {http://adsabs.harvard.edu/abs/2014ApJ...793..110M},
  adsnote = {Provided by the SAO/NASA Astrophysics Data System}
}
